@article{WS2812B,
	title="WS2812B Intelligent control LED  integrated light source",
	author="WorldSemi",
	year="2021",
	publisher="Parallax Inc."
}
